name,ttm,06/30/2023,03/31/2023,12/31/2022,09/30/2022,06/30/2022,03/31/2022,12/31/2021,09/30/2021,06/30/2021,03/31/2021,12/31/2020,09/30/2020,06/30/2020,03/31/2020,12/31/2019,09/30/2019,06/30/2019,03/31/2019,12/31/2018,09/30/2018,06/30/2018,03/31/2018,12/31/2017,09/30/2017,06/30/2017,03/31/2017,12/31/2016,09/30/2016,06/30/2016,03/31/2016,12/31/2015,09/30/2015,06/30/2015,03/31/2015,12/31/2014,09/30/2014,06/30/2014,03/31/2014,12/31/2013,09/30/2013,06/30/2013,03/31/2013,12/31/2012,09/30/2012,06/30/2012,03/31/2012,12/31/2011,09/30/2011,06/30/2011,03/31/2011,12/31/2010,09/30/2010,06/30/2010,03/31/2010,12/31/2009,09/30/2009,06/30/2009,03/31/2009,12/31/2008,09/30/2008,06/30/2008,03/31/2008,12/31/2007,09/30/2007,06/30/2007,03/31/2007,12/31/2006,09/30/2006,06/30/2006,03/31/2006,12/31/2005,09/30/2005,06/30/2005,03/31/2005,12/31/2004,09/30/2004,06/30/2004,03/31/2004,12/31/2003,09/30/2003,06/30/2003,03/31/2003,12/31/2002,09/30/2002,06/30/2002,03/31/2002,12/31/2001,09/30/2001,06/30/2001,03/31/2001,12/31/2000,09/30/2000,06/30/2000,03/31/2000,12/31/1999,09/30/1999,06/30/1999,03/31/1999
TotalRevenue,"3,661,094,000","935,721,000","915,698,000","927,779,000","881,896,000","903,332,000","903,647,000","905,358,000","860,333,000","852,824,000","842,708,000","846,287,000","792,845,000","794,715,000","764,302,000","772,123,000","709,912,000","705,074,000","706,508,000","713,363,000","669,628,000","662,759,000","668,724,000","663,452,000","621,399,000","608,908,000","609,237,000","616,124,000","584,065,000","572,135,000","567,725,000","579,159,000","551,030,000","540,723,000","526,536,000","536,295,000","498,042,000","476,035,000","453,502,000","435,980,000","395,790,000","378,106,000","368,046,000","377,872,000","345,321,000","331,306,000","319,448,000","323,740,000","281,856,000","276,989,000","275,953,000","284,688,000","253,551,000","245,318,000","240,029,000","238,305,000","206,500,000","204,600,000","210,368,000","212,554,000","197,347,000","194,004,000","187,019,000","183,238,000","161,240,000","152,654,000","139,274,000","125,703,000","111,495,000","100,649,000","90,825,000","82,657,000","75,713,000","64,649,000","60,096,000","57,576,000","53,286,000","50,786,000","48,367,000","45,169,000","41,767,000","37,759,000","36,564,000","35,352,000","35,375,000","36,322,000","37,927,000","37,110,000","42,754,000","43,141,000","40,209,000","37,244,000","27,156,000","18,144,000","7,222,000","2,700,000","900,000","400,000","100,000"
	OperatingRevenue,"3,661,094,000","935,721,000","915,698,000","927,779,000","881,896,000","903,332,000","903,647,000","905,358,000","860,333,000","852,824,000","842,708,000","846,287,000","792,845,000","794,715,000","764,302,000","772,123,000","709,912,000","705,074,000","706,508,000","713,363,000","669,628,000","662,759,000","668,724,000","663,452,000","621,399,000","608,908,000","609,237,000","616,124,000","584,065,000","572,135,000","567,725,000","579,159,000","551,030,000","540,723,000","526,536,000","536,295,000","498,042,000","476,035,000","453,502,000","435,980,000","395,790,000","378,106,000","368,046,000","377,872,000","345,321,000","331,306,000","319,448,000","323,740,000","281,856,000","276,989,000","275,953,000","284,688,000","253,551,000","245,318,000","240,029,000","238,305,000","206,500,000","204,600,000","210,368,000","212,554,000","197,347,000","194,004,000","187,019,000","183,238,000","161,240,000","152,654,000","139,274,000","125,703,000","111,495,000","100,649,000","90,825,000","82,657,000","75,713,000","64,649,000","60,096,000","57,576,000","53,286,000","50,786,000","48,367,000","45,169,000","41,767,000","37,759,000","36,564,000","35,352,000","35,375,000","36,322,000","37,927,000","37,110,000","42,754,000","43,141,000","40,209,000","37,244,000","27,156,000","18,144,000","7,222,000","2,700,000","900,000","400,000","100,000"
CostOfRevenue,"1,439,009,000","373,275,000","361,316,000","357,968,000","346,450,000","346,649,000","332,752,000","325,403,000","316,866,000","320,000,000","306,687,000","303,847,000","283,439,000","276,804,000","268,582,000","257,750,000","246,938,000","242,193,000","240,743,000","243,927,000","239,246,000","235,487,000","234,825,000","229,937,000","225,468,000","214,650,000","205,703,000","203,475,000","204,467,000","206,323,000","194,736,000","193,212,000","183,204,000","179,910,000","169,294,000","163,201,000","158,812,000","149,318,000","139,612,000","133,951,000","132,039,000","124,705,000","120,392,000","111,893,000","109,995,000","107,457,000","102,566,000","102,544,000","93,284,000","89,647,000","89,068,000","86,277,000","77,812,000","71,840,000","67,474,000","67,580,000","61,987,000","60,009,000","60,362,000","60,688,000","56,659,000","53,688,000","51,575,000","49,394,000","43,811,000","39,759,000","34,480,000","28,605,000","24,984,000","21,195,000","19,316,000","16,084,000","15,295,000","12,752,000","11,524,000","11,173,000","11,748,000","11,151,000","12,215,000","13,123,000","14,275,000","15,832,000","17,885,000","53,536,000","9,580,000","10,946,000","11,242,000","11,948,000","13,402,000","13,622,000","16,160,000","24,037,000","18,182,000","12,647,000","6,636,000","100,000","-4,400,000",,
GrossProfit,"2,222,085,000","562,446,000","554,382,000","569,811,000","535,446,000","556,683,000","570,895,000","579,955,000","543,467,000","532,824,000","536,021,000","542,440,000","509,406,000","517,911,000","495,720,000","514,373,000","462,974,000","462,881,000","465,765,000","469,436,000","430,382,000","427,272,000","433,899,000","433,515,000","395,931,000","394,258,000","403,534,000","412,649,000","379,598,000","365,812,000","372,989,000","385,947,000","367,826,000","360,813,000","357,242,000","373,094,000","339,230,000","326,717,000","313,890,000","302,029,000","263,751,000","253,401,000","247,654,000","265,979,000","235,326,000","223,849,000","216,882,000","221,196,000","188,572,000","187,342,000","186,885,000","198,411,000","175,739,000","173,478,000","172,555,000","170,725,000","144,513,000","144,591,000","150,006,000","151,866,000","140,688,000","140,316,000","135,444,000","133,844,000","117,429,000","112,895,000","104,794,000","97,098,000","86,511,000","79,454,000","71,509,000","66,573,000","60,418,000","51,897,000","48,572,000","46,403,000","41,538,000","39,635,000","36,152,000","32,046,000","27,492,000","21,927,000","18,679,000","-18,184,000","25,795,000","25,376,000","26,685,000","25,162,000","29,352,000","29,519,000","24,049,000","13,207,000","8,974,000","5,497,000","586,000","2,600,000","5,300,000",,
OperatingExpense,"1,551,124,000","401,784,000","378,318,000","398,998,000","374,781,000","374,128,000","378,944,000","366,903,000","337,637,000","335,364,000","346,477,000","376,586,000","327,176,000","327,312,000","332,729,000","358,051,000","319,766,000","325,785,000","324,400,000","335,100,000","314,248,000","369,389,000","326,200,000","334,036,000","309,722,000","304,076,000","288,306,000","289,054,000","264,885,000","255,162,000","252,052,000","263,017,000","252,117,000","254,098,000","235,679,000","237,012,000","219,106,000","213,797,000","192,308,000","185,321,000","164,161,000","155,507,000","146,035,000","169,849,000","155,167,000","156,884,000","145,243,000","137,132,000","123,081,000","114,110,000","114,137,000","126,065,000","116,697,000","116,639,000","106,505,000","108,503,000","93,768,000","90,197,000","93,433,000","94,517,000","88,919,000","88,001,000","82,104,000","82,798,000","81,658,000","82,113,000","77,643,000","70,695,000","64,750,000","62,161,000","53,860,000","45,509,000","41,620,000","34,731,000","32,225,000","37,752,000","28,073,000","27,008,000","27,982,000","27,494,000","28,613,000","30,883,000","32,830,000","6,868,000","61,806,000","62,401,000","65,309,000","72,020,000","83,013,000","92,799,000","2,233,652,000","319,161,000","316,653,000","251,094,000","39,608,000","20,700,000","23,900,000",,
	SellingGeneralAndAdministration,"1,018,405,000","268,623,000","253,905,000","255,135,000","263,360,000","246,134,000","244,399,000","241,393,000","242,779,000","224,589,000","232,356,000","277,859,000","231,136,000","229,294,000","228,407,000","257,690,000","225,363,000","235,005,000","229,487,000","245,114,000","225,607,000","279,759,000","232,295,000","245,884,000","244,743,000","242,950,000","228,575,000","235,682,000","215,946,000","210,761,000","204,494,000","218,560,000","206,969,000","210,653,000","193,071,000","196,192,000","178,120,000","173,342,000","157,226,000","153,907,000","134,445,000","129,176,000","118,070,000","144,127,000","130,435,000","133,879,000","122,996,000","117,625,000","105,354,000","98,812,000","97,266,000","108,023,000","98,332,000","98,910,000","89,218,000","91,841,000","78,761,000","76,581,000","78,338,000","80,389,000","75,803,000","74,991,000","69,210,000","69,497,000","67,415,000","67,518,000","64,227,000","59,507,000","53,945,000","51,590,000","44,838,000","38,231,000","34,371,000","29,704,000","28,584,000","28,480,000","24,839,000","24,124,000","25,276,000","24,573,000","25,006,000","28,055,000","27,160,000","74,164,000","29,404,000","30,298,000","28,822,000","28,632,000","33,912,000","41,292,000","42,276,000","62,424,000","59,601,000","49,083,000","23,693,000","10,000,000","13,100,000",,
		GeneralAndAdministrativeExpense,"508,382,000","242,268,000","124,798,000","126,045,000","139,425,000","119,469,000","121,680,000","116,188,000","134,265,000","112,695,000","116,002,000","137,458,000","108,387,000","105,825,000","104,621,000","117,447,000","103,105,000","99,899,000","103,211,000","107,317,000","100,284,000","148,079,000","109,742,000","105,470,000","124,523,000","123,518,000","115,009,000","116,775,000","113,320,000","107,538,000","102,283,000","99,978,000","99,543,000","99,152,000","89,592,000","85,899,000","81,905,000","81,880,000","76,161,000","71,853,000","66,634,000","61,351,000","55,380,000","58,819,000","54,511,000","57,997,000","55,706,000","51,016,000","50,834,000","45,975,000","43,901,000","41,793,000","42,729,000","43,707,000","39,550,000","40,233,000","34,655,000","35,144,000","36,068,000",,,,,,,,,,,,,,,,,,,,,,,,,,,,,,,,,,,,,,,,
			SalariesAndWages,"298,426,000","187,891,000","74,855,000","69,979,000",,"68,862,000","70,753,000","74,876,000","67,777,000","71,097,000","72,812,000","66,593,000","64,461,000","64,852,000","62,556,000","61,792,000","60,717,000","62,270,000","62,279,000","56,270,000","59,920,000","61,143,000","64,816,000","61,546,000","62,385,000","60,146,000","55,006,000","51,231,000","53,499,000","49,522,000","50,169,000","45,963,000","50,687,000","50,778,000","49,294,000","46,945,000","46,500,000","46,459,000","39,620,000","35,960,000","34,200,000","33,000,000",,,,,,,,,,,,,,,,,,,,,,,,,,,,,,,,,,,,,,,,,,,,,,,,,,,,,,,,,
			OtherGandA,"209,956,000","54,377,000","49,943,000","56,066,000","139,425,000","50,607,000","50,927,000","41,312,000","134,265,000","41,598,000","43,190,000","70,865,000","43,926,000","40,973,000","42,065,000","55,655,000","42,388,000","37,629,000","40,932,000","51,047,000","40,364,000","86,936,000","44,926,000","43,924,000","124,523,000","123,518,000","115,009,000","116,775,000","113,320,000","107,538,000","102,283,000","99,978,000","99,543,000","99,152,000","89,592,000","85,899,000","81,905,000","81,880,000","76,161,000","71,853,000","66,634,000","61,351,000","55,380,000","58,819,000","54,511,000","57,997,000","55,706,000","51,016,000","50,834,000","45,975,000","43,901,000","41,793,000","42,729,000","43,707,000","39,550,000","40,233,000","34,655,000","35,144,000","36,068,000",,,,,,,,,,,,,,,,,,,,,,,,,,,,,,,,,,,,,,,,
		SellingAndMarketingExpense,"510,023,000","26,355,000","129,107,000","129,090,000","123,935,000","126,665,000","122,719,000","125,205,000","108,514,000","111,894,000","116,354,000","140,401,000","122,749,000","123,469,000","123,786,000","140,243,000","122,258,000","135,106,000","126,276,000","137,797,000","125,323,000","131,680,000","122,553,000","140,414,000","120,220,000","119,432,000","113,566,000","118,907,000","102,626,000","103,223,000","102,211,000","118,582,000","107,426,000","111,501,000","103,479,000","110,293,000","96,215,000","91,462,000","81,065,000","82,054,000","67,811,000","67,825,000","62,690,000","85,308,000","75,924,000","75,882,000","67,290,000","66,609,000","54,520,000","52,837,000","53,365,000","66,230,000","55,603,000","55,203,000","49,668,000","51,608,000","44,106,000","41,437,000","42,270,000",,,,,,,,,,,,,,,,,,,,,,,,,,,,,,,,,,,,,,,,
	ResearchAndDevelopment,"390,333,000","99,041,000","91,863,000","105,382,000","94,047,000","92,070,000","99,935,000","93,173,000","82,899,000","77,255,000","82,045,000","67,228,000","66,773,000","64,090,000","71,224,000","68,898,000","64,887,000","61,439,000","66,141,000","60,342,000","61,049,000","59,709,000","65,065,000","59,673,000","57,226,000","53,373,000","52,162,000","46,755,000","42,341,000","37,690,000","40,842,000","37,674,000","38,396,000","36,693,000","35,828,000","32,417,000","32,583,000","32,052,000","28,234,000","26,520,000","24,857,000","20,597,000","21,905,000","20,371,000","19,351,000","17,542,000","17,480,000","15,191,000","13,542,000","11,006,000","12,594,000","13,775,000","14,235,000","13,577,000","13,179,000","12,520,000","10,904,000","9,378,000","10,856,000","10,477,000","9,943,000","9,519,000","9,304,000","10,466,000","11,408,000","11,663,000","10,604,000","9,141,000","8,862,000","8,373,000","6,726,000","4,982,000","4,953,000","4,507,000","3,629,000","3,344,000","3,222,000","2,872,000","2,694,000","2,909,000","3,595,000","2,816,000","3,472,000","7,453,000","4,820,000","4,624,000","4,869,000","12,254,000","13,828,000","16,737,000","18,632,000","17,408,000","18,352,000","12,931,000","6,915,000","6,300,000","3,300,000",,
	DepreciationAmortizationDepletionIncomeStatement,"135,253,000","32,129,000","32,633,000","34,435,000","17,374,000","35,395,000","33,322,000","32,560,000","11,959,000","32,549,000","32,336,000","32,083,000","30,894,000","31,035,000","30,899,000","31,877,000","28,893,000","28,426,000","27,972,000","28,565,000","26,940,000","29,501,000","28,319,000","27,674,000","7,753,000","7,753,000","7,569,000","6,617,000","6,598,000","6,711,000","6,716,000","6,783,000","6,752,000","6,752,000","6,780,000","8,403,000","8,403,000","8,403,000","6,848,000","4,894,000","4,859,000","5,734,000","6,060,000","5,351,000","5,381,000","5,463,000","4,767,000","4,316,000","4,185,000","4,292,000","4,277,000","4,267,000","4,130,000","4,152,000","4,108,000","4,142,000","4,103,000","4,238,000","4,239,000","3,651,000","3,173,000","3,491,000","3,590,000","2,835,000","2,835,000","2,932,000","2,812,000","2,047,000","1,943,000","2,198,000","2,296,000","2,296,000","2,296,000","520,000","12,000","12,000","12,000","12,000","12,000","12,000","12,000","12,000","2,198,000","-59,116,000","22,966,000","22,833,000","25,247,000","23,946,000","26,556,000","23,732,000","2,168,230,000","239,329,000","238,700,000","189,080,000","9,000,000","4,400,000","7,500,000",,
		DepreciationAndAmortizationInIncomeStatement,"135,253,000","32,129,000","32,633,000","34,435,000","17,374,000","35,395,000","33,322,000","32,560,000","11,959,000","32,549,000","32,336,000","32,083,000","30,894,000","31,035,000","30,899,000","31,877,000","28,893,000","28,426,000","27,972,000","28,565,000","26,940,000","29,501,000","28,319,000","27,674,000","7,753,000","7,753,000","7,569,000","6,617,000","6,598,000","6,711,000","6,716,000","6,783,000","6,752,000","6,752,000","6,780,000","8,403,000","8,403,000","8,403,000","6,848,000","4,894,000","4,859,000","5,734,000","6,060,000","5,351,000","5,381,000","5,463,000","4,767,000","4,316,000","4,185,000","4,292,000","4,277,000","4,267,000","4,130,000","4,152,000","4,108,000","4,142,000","4,103,000","4,238,000","4,239,000","3,651,000","3,173,000","3,491,000","3,590,000","2,835,000","2,835,000","2,932,000","2,812,000","2,047,000","1,943,000","2,198,000","2,296,000","2,296,000","2,296,000","520,000","12,000","12,000","12,000","12,000","12,000","12,000","12,000","12,000","2,198,000","-59,116,000","22,966,000","22,833,000","25,247,000","23,946,000","26,556,000","23,732,000","2,168,230,000","239,329,000","238,700,000","189,080,000","9,000,000","4,400,000","7,500,000",,
			DepreciationIncomeStatement,"69,076,000","16,231,000","16,721,000","17,442,000",,"18,423,000","19,678,000","19,987,000","20,549,000","20,489,000","20,909,000","21,189,000","20,554,000","20,654,000","20,465,000","22,167,000","19,269,000","18,778,000","18,373,000","20,273,000","18,646,000","21,207,000","19,888,000","19,845,000","19,686,000","18,069,000","18,528,000","17,699,000","16,688,000","15,964,000","15,429,000","15,094,000","14,114,000","13,620,000","11,733,000","11,121,000","10,883,000","9,876,000","8,173,000","8,091,000","7,100,000","6,200,000",,,,,,,,,,,,,,,,,,,,,,,,,,,,,,,,,,,,,,,,,,,"20,735,000","20,602,000","20,010,000","19,912,000","19,116,000","18,340,000","16,452,000",,,,,,,,
			Amortization,"66,177,000","15,898,000","15,912,000","16,993,000","17,374,000","16,972,000","13,644,000","12,573,000","11,959,000","12,060,000","11,427,000","10,894,000","10,340,000","10,381,000","10,434,000","9,710,000","9,624,000","9,648,000","9,599,000","8,292,000","8,294,000","8,294,000","8,431,000","7,829,000","7,753,000","7,753,000","7,569,000","6,617,000","6,598,000","6,711,000","6,716,000","6,783,000","6,752,000","6,752,000","6,780,000","8,403,000","8,403,000","8,403,000","6,848,000","4,894,000","4,859,000","5,734,000","6,060,000","5,351,000","5,381,000","5,463,000","4,767,000","4,316,000","4,185,000","4,292,000","4,277,000","4,267,000","4,130,000","4,152,000","4,108,000","4,142,000","4,103,000","4,238,000","4,239,000","3,651,000","3,173,000","3,491,000","3,590,000","2,835,000","2,835,000","2,932,000","2,812,000","2,047,000","1,943,000","2,198,000","2,296,000","2,296,000","2,296,000","520,000","12,000","12,000","12,000","12,000","12,000","12,000","12,000","12,000","2,198,000","2,231,000","2,231,000","2,231,000","5,237,000","4,034,000","7,440,000","5,392,000","2,151,778,000","239,329,000","238,700,000","189,080,000","9,000,000",,,,
				AmortizationOfIntangiblesIncomeStatement,"66,177,000","15,898,000","15,912,000","16,993,000","17,374,000","16,972,000","13,644,000","12,573,000","11,959,000","12,060,000","11,427,000","10,894,000","10,340,000","10,381,000","10,434,000","9,710,000","9,624,000","9,648,000","9,599,000","8,292,000","8,294,000","8,294,000","8,431,000","7,829,000","7,753,000","7,753,000","7,569,000","6,617,000","6,598,000","6,711,000","6,716,000","6,783,000","6,752,000","6,752,000","6,780,000","8,403,000","8,403,000","8,403,000","6,848,000","4,894,000","4,859,000","5,734,000","6,060,000","5,351,000","5,381,000","5,463,000","4,767,000","4,316,000","4,185,000","4,292,000","4,277,000","4,267,000","4,130,000","4,152,000","4,108,000","4,142,000","4,103,000","4,238,000","4,239,000","3,651,000","3,173,000","3,491,000","3,590,000","2,835,000","2,835,000","2,932,000","2,812,000","2,047,000","1,943,000","2,198,000","2,296,000","2,296,000","2,296,000","520,000","12,000","12,000","12,000","12,000","12,000","12,000","12,000","12,000","2,198,000","2,231,000","2,231,000","2,231,000","5,237,000","4,034,000","7,440,000","5,392,000","2,151,778,000","239,329,000","238,700,000","189,080,000","9,000,000",,,,
	ProvisionForDoubtfulAccounts,"7,133,000","1,991,000","-83,000","4,046,000",,"529,000","1,288,000","-223,000","275,000","971,000","-260,000","-584,000","-1,627,000","2,893,000","2,199,000","-414,000","623,000","915,000","800,000","1,079,000","652,000","420,000","521,000","805,000","1,499,000","752,000","153,000","129,000","278,000","342,000","486,000","605,000","775,000","345,000","-9,000","274,000","784,000","274,000","-103,000","75,000","-100,000","200,000",,,,,,,,,,,,,,,,,,,,,,,,,,,,,,,,,,,,,,,,,,,,,,,,,,,,,,,,,
	OtherTaxes,,,,,,,,,,,,,,,,,,,,,,,,,,,,,,,,,,,,,,,,,,"1,400,000",,,,,,,,,,,,,,,,,,,,,,,,,,,,,,,,,,,,,,,,,,,,,,,,,,,,,,,,,
	OtherOperatingExpenses,,,,,,,,,,,,,,,,,,,,,,,,,,,,,,,,,,,,,,,,,,,,,,,,,,,,,,,,,,,,,,,,,,,,,,,,,,,,,,,,,,,,,"4,616,000","4,646,000","6,371,000","7,188,000","8,717,000","11,038,000","4,514,000",,,,,,,,
OperatingIncome,"670,961,000","160,662,000","176,064,000","170,813,000","160,665,000","182,555,000","191,951,000","213,052,000","205,830,000","197,460,000","189,544,000","165,854,000","182,230,000","190,599,000","162,991,000","156,322,000","143,208,000","137,096,000","141,365,000","134,336,000","116,134,000","57,883,000","107,699,000","99,479,000","86,209,000","90,182,000","115,228,000","123,595,000","114,713,000","110,650,000","120,937,000","122,930,000","115,709,000","106,715,000","121,563,000","136,082,000","120,124,000","112,920,000","121,582,000","116,708,000","99,590,000","97,894,000","101,619,000","96,130,000","80,159,000","66,965,000","71,639,000","84,064,000","65,491,000","73,232,000","72,748,000","72,346,000","59,042,000","56,839,000","66,050,000","62,222,000","50,745,000","54,394,000","56,573,000","57,349,000","51,769,000","52,315,000","53,340,000","51,046,000","35,771,000","30,782,000","27,151,000","26,403,000","21,761,000","17,293,000","17,649,000","21,064,000","18,798,000","17,166,000","16,347,000","8,651,000","13,465,000","12,627,000","8,170,000","4,552,000","-1,121,000","-8,956,000","-14,151,000","-25,052,000","-36,011,000","-37,025,000","-38,624,000","-46,858,000","-53,661,000","-63,280,000","-2,209,603,000","-305,954,000","-307,679,000","-245,597,000","-39,022,000","-18,100,000","-18,600,000","400,000","100,000"
NetNonOperatingInterestIncomeExpense,"4,294,000","1,352,000","2,611,000","2,334,000","-2,003,000","-5,263,000","-2,906,000","-14,883,000","-15,272,000","-13,301,000","-13,256,000","-11,072,000","-11,017,000","-7,747,000","-10,162,000","-5,273,000","-4,219,000","-2,036,000","-3,481,000","-7,274,000","-5,308,000","-2,795,000","-885,000","-363,000","-283,000","-365,000","27,000","-500,000","-857,000","-1,246,000","-1,333,000","-1,706,000","-1,907,000","-2,137,000","-1,575,000","-2,233,000","-2,472,000","-2,776,000","-302,000","1,534,000","1,458,000","1,477,000","1,608,000","1,590,000","1,593,000","1,626,000","1,646,000","1,863,000","3,002,000","3,096,000","2,960,000","2,694,000","2,636,000","2,771,000","-2,662,000","2,701,000","-2,807,000","-3,454,000","4,030,000",,,,,,,,,,,,,,,,,,,,,,,,,,,,,,,,,,,,,,,,
	InterestIncomeNonOperating,,"4,509,000","5,292,000","5,018,000","782,000",,,"3,434,000","2,872,000","4,736,000","4,578,000","6,270,000","6,307,000","9,502,000","7,043,000","11,402,000","7,908,000","6,410,000","8,635,000","7,308,000","9,258,000","6,409,000","3,965,000","4,487,000","4,463,000","4,281,000","4,624,000","4,180,000","3,809,000","3,393,000","3,320,000","2,935,000","2,723,000","2,541,000","3,001,000","2,291,000","2,010,000","1,740,000","1,639,000","1,534,000","1,458,000","1,477,000","1,608,000","1,590,000","1,568,000","1,622,000","1,633,000","1,863,000","2,703,000","3,096,000","2,960,000","2,842,000","2,809,000","3,262,000","3,250,000","3,410,000","3,434,000","4,059,000","4,740,000",,,,,,,,,,,,,,,,,,,,,,,,,,,,,,,,,,,,,,,,
	InterestExpenseNonOperating,"8,769,000","1,990,000","2,681,000","2,684,000","2,785,000","5,263,000","2,906,000","18,317,000","18,144,000","18,037,000","17,834,000","17,342,000","17,324,000","17,249,000","17,205,000","16,675,000","12,127,000","8,446,000","12,116,000","14,582,000","14,566,000","9,204,000","4,850,000","4,850,000","4,746,000","4,646,000","4,597,000","4,680,000","4,666,000","4,639,000","4,653,000","4,641,000","4,630,000","4,678,000","4,576,000","4,524,000","4,482,000","4,516,000","1,941,000",,,,,,,,,"0","0","0","0","148,000","222,000","618,000","709,000","709,000","710,000","710,000","710,000",,,,,,,,,,,,,,,,,,,,,,,,,,,,,,,,,,,,,,,,
	TotalOtherFinanceCost,,"1,167,000",,,,,,,,,,,,,,,,,,,,,,,,,,,,,,"-12,671,000","4,881,000","4,838,000","4,796,000","-9,842,000","4,712,000","4,671,000","1,990,000",,,,,,"-1,593,000","-1,626,000","-1,646,000",,"-3,002,000",,,,"-2,636,000","-2,771,000","2,662,000",,"2,807,000","3,454,000",,,,,,,,,,,,,,,,,,,,,,,,,,,,,,,,,,,,,,,,,
OtherIncomeExpense,"-71,802,000","-12,007,000","-51,789,000","-4,747,000","-502,000","-6,697,000","-28,197,000","-17,189,000","3,070,000","1,163,000","-7,997,000","-25,822,000","-3,230,000","-1,773,000","-14,769,000","-21,609,000","-671,000","-1,892,000","-6,329,000","-13,989,000","-56,000","-3,535,000","-39,121,000","-71,103,000","203,000","-2,408,000","-684,000","2,719,000","-2,170,000","-55,000","-7,007,000","-749,000","184,000","-2,060,000","-343,000","8,000","-73,000","-1,468,000","-1,616,000","-1,347,000","-374,000","-50,000","-563,000","-192,000","-241,000","1,177,000","-501,000","2,227,000","-346,000","-107,000","-1,035,000","-1,055,000","-1,366,000","-172,000","75,000","-354,000","659,000","-184,000","1,135,000","-2,138,000","155,000","-906,000","684,000","53,000","1,272,000","-394,000","-205,000","359,000","-448,000","477,000","443,000","205,000","-1,460,000","77,000","-726,000","330,000","-612,000","-3,349,000","-2,007,000","-2,097,000","1,637,000","-1,299,000","9,805,000","-10,743,000","-12,065,000","-6,007,000","-23,108,000","-21,482,000","-7,928,000","-38,385,000","-18,108,000","0",,"-1,372,000",,,,,
	GainOnSaleOfSecurity,,,,,,,,,,,,,,,,,,,,,,,,,,,,,,,,,,,,,,,,,,"31,000","52,000","1,000","25,000","4,000","13,000","-500,000","299,000","75,000","9,000","99,000","49,000","127,000",,"142,000","83,000","105,000","455,000",,,,,,,,,,,,,,,,,,,,,,,,,,,,,,,,,,,,,,,,
	EarningsFromEquityInterest,,,,,,,,,,,,,,,,,,,,,,,,,,,,,,,,,,,,,,,,,,,,,,,,,,,,,,,,,,,,,,,,,,,,,,,,,,,,,,,,,,,,,"-4,616,000","-4,646,000",,"-9,188,000","-8,717,000","-11,191,000","-6,361,000",,,,,,,,
	SpecialIncomeCharges,"-66,625,000","-10,877,000","-49,426,000","-3,338,000","-227,000","-7,513,000","-18,632,000","-16,967,000","-565,000","1,974,000","-7,180,000","-31,237,000","-1,072,000","-170,000","-10,661,000","-21,000,000","81,000","-1,314,000","-6,840,000","-14,048,000","403,000","-766,000","-39,142,000","-71,576,000","-332,000","-2,971,000","0","-65,000","-2,948,000","-470,000","-6,818,000","-250,000","-20,000","-455,000","-42,000","0","115,000","-569,000","-735,000","-952,000","-69,000","-391,000","-431,000","-392,000","-241,000","1,177,000","-501,000","2,727,000","-346,000","-107,000","-1,035,000","-1,154,000","-1,366,000","-172,000","75,000","-496,000","659,000","-184,000","680,000","-2,138,000","155,000","-906,000","684,000","53,000","1,272,000","-394,000","-205,000","359,000","-448,000","477,000","443,000","205,000","-1,460,000","77,000","-726,000","330,000","-612,000","-3,349,000","-2,007,000","-2,097,000","1,637,000","-1,299,000","9,805,000","-26,376,000","-7,449,000","-1,361,000","-23,108,000","-12,294,000","789,000","-27,194,000","-11,747,000","0",,"-1,372,000",,,,,
		RestructuringAndMergernAcquisition,"66,625,000","10,877,000","49,426,000","3,338,000","227,000","7,513,000","18,632,000","16,967,000","565,000","-1,974,000","7,180,000","31,237,000","1,072,000","-105,000","10,661,000","11,000,000","-81,000","1,314,000","6,840,000","14,048,000","-403,000","766,000","16,051,000","71,576,000","332,000","2,971,000","0","65,000","2,948,000","470,000","6,818,000","250,000","20,000","455,000","42,000","0","-115,000","569,000","735,000","952,000","69,000","391,000","431,000","392,000","0","-46,000","60,000","4,728,000","158,000",,,,"0","0","0","0","0","0","454,000",,,,,"0",,"-178,000",,,,,,,,,,,,,,"0",,"1,299,000","-9,820,000","26,675,000","6,138,000","602,000","12,409,000","14,302,000",,"26,194,000",,,,,,,,,
		OtherSpecialCharges,,,,,,,,,,,,"0",,"275,000",,"10,000,000",,,,"0",,,"23,091,000",,,,,,,,,,,,,,,,,,,,,,"241,000","-1,131,000","441,000","-7,455,000","188,000",,,,"1,366,000","172,000","-75,000","496,000","-659,000","184,000","-1,134,000",,,,,"-53,000",,"572,000",,,,,,,,,,,,,,"2,097,000",,,"15,000","-299,000","1,311,000","759,000","10,699,000","-2,008,000",,"1,000,000",,,,,,,,,
	OtherNonOperatingIncomeExpenses,"-5,177,000","-1,130,000","-2,363,000","-1,409,000","-275,000","816,000","-9,565,000","-222,000","3,635,000","-811,000","-817,000","5,415,000","-2,158,000","-1,603,000","-4,108,000","-609,000","-752,000","-578,000","511,000","59,000","-459,000","-2,769,000","21,000","473,000","535,000","563,000","-684,000","2,784,000","778,000","415,000","-189,000","-499,000","204,000","-1,605,000","-301,000","8,000","-188,000","-899,000","-881,000","-395,000","-305,000","341,000","-132,000","200,000",,,,,,,,,,,,,,,,,,,,,,,,,,,,,,,,,,,,,,,,,,,,,,,,,,,,,,,
PretaxIncome,"603,453,000","150,007,000","126,886,000","168,400,000","158,160,000","170,595,000","160,848,000","180,980,000","193,628,000","185,322,000","168,291,000","128,960,000","167,983,000","181,079,000","138,060,000","129,440,000","138,318,000","133,168,000","131,555,000","113,073,000","110,770,000","51,553,000","67,693,000","28,013,000","86,129,000","87,409,000","114,571,000","125,814,000","111,686,000","109,349,000","112,597,000","120,475,000","113,986,000","102,518,000","119,645,000","133,857,000","117,579,000","108,676,000","119,664,000","116,895,000","100,674,000","99,321,000","102,664,000","97,528,000","81,511,000","69,768,000","72,784,000","88,154,000","68,147,000","76,221,000","74,673,000","73,985,000","60,312,000","59,438,000","68,637,000","64,569,000","52,893,000","58,032,000","61,738,000","60,073,000","56,918,000","56,189,000","61,355,000","57,940,000","42,956,000","35,631,000","31,678,000","31,330,000","25,283,000","21,106,000","20,750,000","22,552,000","16,771,000","16,473,000","14,608,000","13,578,000","11,320,000","7,233,000","3,005,000","-1,728,000","-3,827,000","-14,523,000","-8,574,000","-53,681,000","-47,410,000","-42,119,000","-58,935,000","-64,488,000","-55,082,000","-92,264,000","-2,222,616,000","-303,022,000","-304,055,000","-243,166,000",,,,,
TaxProvision,"125,075,000","21,191,000","29,780,000","39,638,000","50,006,000","51,058,000","34,050,000","19,016,000","13,648,000","18,009,000","11,898,000","4,158,000","8,801,000","18,671,000","14,292,000","10,632,000","-960,000","19,253,000","24,425,000","19,058,000","3,187,000","8,492,000","13,979,000","8,906,000","25,617,000","29,637,000","33,641,000","34,175,000","35,686,000","35,714,000","37,739,000","32,055,000","25,946,000","35,318,000","41,899,000","36,750,000","26,424,000","35,790,000","46,864,000","36,546,000","20,918,000","37,426,000","31,177,000","29,236,000","33,280,000","25,529,000","29,557,000","28,073,000","25,862,000","28,300,000","24,056,000","21,475,000","20,603,000","21,315,000","27,759,000","24,489,000","20,148,000","22,025,000","24,657,000","19,540,000","23,558,000","21,855,000","24,444,000","22,062,000","18,692,000","13,985,000","12,499,000","10,707,000","11,264,000","9,842,000","9,255,000","-3,207,000","-255,489,000","573,000","529,000","187,000","71,000","430,000","84,000","351,000","82,000","123,000","73,000","123,000","123,000","123,000","123,000","277,000","277,000","344,000","164,000","55,000","20,000","70,000",,,,,
EarningsFromEquityInterestNetOfTax,"0","0","0","0","0","0","-7,635,000","-1,430,000","-1,064,000","-10,816,000","-698,000","-11,432,000","-559,000","-493,000","-622,000","292,000","-1,388,000",,,,,,,,,,,,,,,,,,,,,,,,,,,,,,,,,,,,,,,,,,,,,,,,,,,,,,,,,,,,,,,,,,,,,,,,,,,,,,,,,,
NetIncomeCommonStockholders,"478,378,000","128,816,000","97,106,000","128,762,000","108,154,000","119,537,000","119,163,000","160,534,000","178,916,000","156,497,000","155,695,000","113,370,000","158,623,000","161,915,000","123,146,000","119,100,000","137,890,000","113,915,000","107,130,000","94,015,000","107,583,000","43,061,000","53,714,000","19,107,000","60,512,000","57,772,000","80,930,000","91,639,000","76,000,000","73,635,000","74,858,000","88,420,000","88,040,000","67,200,000","77,746,000","97,107,000","91,155,000","72,886,000","72,800,000","80,349,000","79,756,000","61,895,000","71,487,000","68,292,000","48,231,000","44,239,000","43,227,000","60,081,000","42,285,000","47,921,000","50,617,000","52,510,000","39,709,000","38,123,000","40,878,000","40,080,000","32,745,000","36,007,000","37,081,000","40,533,000","33,360,000","34,334,000","36,911,000","35,878,000","24,264,000","21,646,000","19,179,000","20,623,000","14,019,000","11,264,000","11,495,000","25,759,000","272,260,000","15,900,000","14,079,000","13,391,000","11,249,000","6,803,000","2,921,000","-2,079,000","-3,909,000","-14,646,000","-8,647,000","-55,604,000","-47,533,000","-42,242,000","-59,058,000","-64,765,000","-55,359,000","-92,608,000","-2,222,780,000","-303,077,000","-304,075,000","-243,236,000","-35,397,000","-29,900,000","-19,900,000","-6,900,000","-2,900,000"
	NetIncome,"478,378,000","128,816,000","97,106,000","128,762,000","108,154,000","119,537,000","119,163,000","160,534,000","178,916,000","156,497,000","155,695,000","113,370,000","158,623,000","161,915,000","123,146,000","119,100,000","137,890,000","113,915,000","107,130,000","94,015,000","107,583,000","43,061,000","53,714,000","19,107,000","60,512,000","57,772,000","80,930,000","91,639,000","76,000,000","73,635,000","74,858,000","88,420,000","88,040,000","67,200,000","77,746,000","97,107,000","91,155,000","72,886,000","72,800,000","80,349,000","79,756,000","61,895,000","71,487,000","68,292,000","48,231,000","44,239,000","43,227,000","60,081,000","42,285,000","47,921,000","50,617,000","52,510,000","39,709,000","38,123,000","40,878,000","40,080,000","32,745,000","36,007,000","37,081,000","40,533,000","33,360,000","34,334,000","36,911,000","35,878,000","24,264,000","21,646,000","19,179,000","20,623,000","14,019,000","11,264,000","11,495,000","25,759,000","272,260,000","15,900,000","14,079,000","13,391,000","11,249,000","6,803,000","2,921,000","-2,079,000","-3,909,000","-14,646,000","-8,647,000","-55,604,000","-47,533,000","-42,242,000","-59,058,000","-64,765,000","-55,359,000","-92,608,000","-2,222,780,000","-303,077,000","-304,075,000","-243,236,000","-35,397,000","-29,300,000","-18,500,000","-6,900,000","-2,900,000"
		NetIncomeIncludingNoncontrollingInterests,"478,378,000","128,816,000","97,106,000","128,762,000","108,154,000","119,537,000","119,163,000","160,534,000","178,916,000","156,497,000","155,695,000","113,370,000","158,623,000","161,915,000","123,146,000","119,100,000","137,890,000","113,915,000","107,130,000","94,015,000","107,583,000","43,061,000","53,714,000","19,107,000","60,512,000","57,772,000","80,930,000","91,639,000","76,000,000","73,635,000","74,858,000","88,420,000","88,040,000","67,200,000","77,746,000","97,107,000","91,155,000","72,886,000","72,800,000","80,349,000","79,756,000","61,895,000","71,487,000","68,292,000","48,231,000","44,239,000","43,227,000","60,081,000","42,285,000","47,921,000","50,617,000","52,510,000","39,709,000","38,123,000","40,878,000","40,080,000","32,745,000","36,007,000","37,081,000","40,533,000","33,360,000","34,334,000","36,911,000","35,878,000","24,264,000","21,646,000","19,179,000","20,623,000","14,019,000","11,264,000","11,495,000","25,759,000","272,260,000","15,900,000","14,079,000","13,391,000","11,249,000","6,803,000","2,921,000","-2,079,000","-3,909,000","-14,646,000","-8,647,000","-55,604,000","-47,533,000","-42,242,000","-59,058,000","-64,765,000","-55,359,000","-92,608,000","-2,222,780,000","-303,077,000","-304,075,000","-243,236,000","-35,397,000","-29,300,000","-18,500,000","-6,900,000","-2,900,000"
			NetIncomeContinuousOperations,"478,378,000","128,816,000","97,106,000","128,762,000","108,154,000","119,537,000","119,163,000","160,534,000","178,916,000","156,497,000","155,695,000","113,370,000","158,623,000","161,915,000","123,146,000","119,100,000","137,890,000","113,915,000","107,130,000","94,015,000","107,583,000","43,061,000","53,714,000","19,107,000","60,512,000","57,772,000","80,930,000","91,639,000","76,000,000","73,635,000","74,858,000","88,420,000","88,040,000","67,200,000","77,746,000","97,107,000","91,155,000","72,886,000","72,800,000","80,349,000","79,756,000","61,895,000","71,487,000","68,292,000","48,231,000","44,239,000","43,227,000","60,081,000","42,285,000","47,921,000","50,617,000","52,510,000","39,709,000","38,123,000","40,878,000","40,080,000","32,745,000","36,007,000","37,081,000","40,533,000","33,360,000","34,334,000","36,911,000","35,878,000","24,264,000","21,646,000","19,179,000","20,623,000","14,019,000","11,264,000","11,495,000","25,759,000","272,260,000","15,900,000","14,079,000","13,391,000","11,249,000","6,803,000","2,921,000","-2,079,000","-3,909,000","-14,646,000","-8,647,000","-55,604,000","-47,533,000","-42,242,000","-59,058,000","-64,765,000","-55,359,000","-92,608,000","-2,222,780,000","-303,077,000","-304,075,000","-243,236,000","-35,397,000","-29,300,000","-18,500,000","-6,900,000","-2,900,000"
	PreferredStockDividends,,,,,,,,,,,,,,,,,,,,,,,,,,,,,,,,,,,,,,,,,,,,,,,,,,,,,,,,,,,,,,,,,,,,,,,,,,,,,,,,,,,,,,,,,,,,,,,,"600,000","1,400,000",,
DilutedNIAvailtoComStockholders,"478,378,000","128,816,000","97,106,000","128,762,000","108,154,000","119,537,000","119,163,000","160,534,000","178,916,000","156,497,000","155,695,000","113,370,000","158,623,000","161,915,000","123,146,000","119,100,000","137,890,000","113,915,000","107,130,000","94,015,000","107,583,000","43,061,000","53,714,000","19,107,000","60,512,000","57,772,000","80,930,000","91,639,000","76,000,000","73,635,000","74,858,000","88,420,000","88,040,000","67,200,000","77,746,000","97,107,000","91,155,000","72,886,000","72,800,000","80,349,000","79,756,000","61,895,000","71,487,000","68,292,000","48,231,000","44,239,000","43,227,000","60,081,000","42,285,000","47,921,000","50,617,000","52,510,000","39,709,000","38,123,000","40,878,000","40,080,000","32,745,000","36,007,000","37,081,000","40,533,000","33,360,000","34,334,000","36,911,000","35,878,000","24,264,000","21,646,000","19,179,000","20,623,000","14,019,000","11,264,000","11,495,000","25,759,000","272,260,000","15,900,000","14,079,000","13,391,000","11,249,000","6,803,000","2,921,000","-2,079,000","-3,909,000","-14,646,000","-8,647,000","-55,604,000","-47,533,000","-42,242,000","-59,058,000","-64,765,000","-55,359,000","-92,608,000","-2,222,780,000","-303,077,000","-304,075,000","-243,236,000","-35,397,000","-29,900,000","-19,900,000","-6,900,000","-2,900,000"
BasicEPS,,"0.85","0.62","0.82","0.68","0.86","0.83","0.99","1.1","0.96","0.95","0.7","0.97","1","0.76","0.74","0.85","0.7","0.66","0.58","0.65","0.25","0.32","0.11","0.37","0.33","0.43","0.53","0.44","0.42","0.42","0.5","0.49","0.38","0.44","0.55","0.51","0.41","0.41","0.45","0.45","0.35","0.4","0.38","0.27","0.25","0.24","0.34","0.23","0.26","0.27","0.29","0.22","0.22","0.24","0.23","0.19","0.21","0.22","0.24","0.2","0.21","0.22","0.22","0.15","0.13","0.12","0.13","0.09","0.07","0.07","0.12","1.96","0.12","0.11","0.11","0.09","0.06","0.02","-0.02","-0.03","-0.13","-0.07","-0.48","-0.42","-0.38","-0.54","-0.24","-0.53","-0.91","-22.5","-3.23","-3.27","-2.78","-0.47","-0.322","-0.8","-0.34","-0.17"
DilutedEPS,,"0.84","0.62","0.82","0.68","0.85","0.82","0.97","1.08","0.94","0.94","0.68","0.95","0.98","0.75","0.73","0.84","0.69","0.65","0.57","0.64","0.25","0.31","0.11","0.37","0.33","0.43","0.52","0.43","0.42","0.42","0.49","0.49","0.37","0.43","0.54","0.5","0.4","0.4","0.44","0.44","0.34","0.39","0.38","0.27","0.24","0.24","0.33","0.23","0.25","0.26","0.27","0.21","0.2","0.22","0.21","0.18","0.19","0.2","0.23","0.18","0.19","0.2","0.2","0.13","0.12","0.11","0.12","0.08","0.07","0.07","0.11","1.71","0.11","0.1","0.09","0.08","0.05","0.02","-0.02","-0.03","-0.13","-0.07","-0.48","-0.42","-0.38","-0.54","-0.563","-0.53","-0.91","-22.5","-3.23","-3.27","-2.78","-0.47","-0.51","-0.8","-0.34","-0.17"
BasicAverageShares,,"152,064,000","155,637,000","157,109,000","158,715,000","160,038,000","160,494,000","161,759,000","162,767,000","163,074,000","163,061,000","162,799,000","162,757,000","162,413,000","161,992,000","161,737,003","162,444,999","163,406,999","163,235,999","162,959,003","165,923,999","170,249,999","170,115,999","169,428,999","170,975,999","172,673,999","173,157,999","173,335,999","174,428,999","175,498,999","176,402,999","177,790,999","178,546,999","178,681,999","178,544,999","178,143,999","178,185,999","178,080,999","178,704,999","178,759,999","178,234,999","177,890,999","177,898,999","177,479,999","177,454,999","178,546,999","178,119,999","178,918,999","183,084,999","186,611,999","186,848,999","183,359,999","181,456,999","173,316,999","171,100,999","170,935,999","171,685,999","172,560,999","170,518,999","168,842,999","168,473,999","167,416,999","165,958,999","159,994,999","165,473,999","164,797,999","161,568,999","157,204,999","155,738,999","154,701,999","153,818,999","148,292,999","139,203,999","130,118,999","127,050,999","126,260,999","125,617,999","123,644,999","122,103,999","120,195,999","118,595,999","117,108,999","116,397,999","114,865,999","114,250,999","112,252,999","109,692,999","108,356,999","104,165,999","101,628,999","98,779,999","96,103,999","93,098,999","87,373,999","75,028,999","92,499,000","24,848,999","20,294,118","17,058,823"
DilutedAverageShares,,"153,454,000","156,135,000","157,452,000","159,068,000","161,710,000","163,637,000","164,946,000","166,318,000","166,263,000","165,688,000","165,882,000","166,519,000","164,768,000","163,684,000","163,928,003","164,557,999","165,018,999","164,786,999","164,556,003","167,899,999","172,306,999","172,003,999","170,730,999","171,504,999","173,438,999","175,170,999","175,284,999","175,616,999","176,419,999","177,538,999","179,733,999","180,363,999","180,737,999","180,824,999","180,909,999","180,954,999","180,840,999","182,037,999","182,262,999","181,921,999","181,387,999","181,561,999","181,781,999","181,052,999","181,816,999","182,341,999","182,956,999","185,703,999","190,178,999","191,382,999","191,837,999","191,270,999","190,478,999","189,012,999","188,618,999","188,272,999","189,555,999","188,182,999","182,214,999","187,768,999","187,640,999","185,743,999","184,739,999","185,105,999","185,600,999","183,156,999","175,197,999","177,062,999","175,611,999","173,810,999","170,767,999","160,361,999","149,985,999","147,281,999","185,708,999","147,293,999","146,407,999","133,824,999","121,875,286","118,595,999","117,108,999","116,397,999","117,660,254","114,250,999","112,252,999","109,692,999","115,099,317","104,165,999","101,628,999","98,779,999","108,203,000","93,098,999","87,373,999","75,028,999","92,499,000","24,848,999","20,294,118","17,058,823"
TotalOperatingIncomeAsReported,"604,336,000","149,785,000","126,638,000","167,475,000","160,438,000","175,042,000","173,319,000","196,085,000","205,265,000","199,434,000","182,364,000","134,617,000","181,158,000","190,429,000","152,330,000","135,322,000","143,289,000","135,782,000","134,525,000","120,288,000","116,537,000","57,117,000","68,557,000","27,903,000","85,877,000","87,211,000","115,228,000","123,530,000","111,765,000","110,180,000","114,119,000","122,680,000","115,689,000","106,260,000","121,521,000","136,082,000","120,239,000","112,351,000","120,847,000","115,756,000","99,521,000","97,503,000","101,188,000","95,738,000","80,159,000","67,011,000","71,579,000","79,336,000","65,333,000","73,232,000","72,748,000","72,346,000","59,042,000","56,839,000","66,050,000","62,222,000","50,745,000","54,394,000","56,119,000","54,840,000","51,769,000","52,315,000","53,340,000","51,046,000","35,771,000","30,960,000","27,151,000","26,403,000","21,761,000","17,293,000","17,649,000","21,064,000","18,798,000","17,166,000","16,347,000","14,567,000","13,465,000","12,627,000","8,170,000","4,552,000","-1,121,000","-10,255,000","-4,331,000","-51,727,000","-42,149,000","-37,627,000","-51,033,000","-61,160,000","-53,661,000","-89,474,000","-2,209,603,000","-305,954,000","-307,679,000","-246,969,000","-39,022,000","-18,100,000","-18,600,000",,
TotalExpenses,"2,990,133,000","775,059,000","739,634,000","756,966,000","721,231,000","720,777,000","711,696,000","692,306,000","654,503,000","655,364,000","653,164,000","680,433,000","610,615,000","604,116,000","601,311,000","615,801,000","566,704,000","567,978,000","565,143,000","579,027,000","553,494,000","604,876,000","561,025,000","563,973,000","535,190,000","518,726,000","494,009,000","492,529,000","469,352,000","461,485,000","446,788,000","456,229,000","435,321,000","434,008,000","404,973,000","400,213,000","377,918,000","363,115,000","331,920,000","319,272,000","296,200,000","280,212,000","266,427,000","281,742,000","265,162,000","264,341,000","247,809,000","239,676,000","216,365,000","203,757,000","203,205,000","212,342,000","194,509,000","188,479,000","173,979,000","176,083,000","155,755,000","150,206,000","153,795,000","155,205,000","145,578,000","141,689,000","133,679,000","132,192,000","125,469,000","121,872,000","112,123,000","99,300,000","89,734,000","83,356,000","73,176,000","61,593,000","56,915,000","47,483,000","43,749,000","48,925,000","39,821,000","38,159,000","40,197,000","40,617,000","42,888,000","46,715,000","50,715,000","60,404,000","71,386,000","73,347,000","76,551,000","83,968,000","96,415,000","106,421,000","2,249,812,000","343,198,000","334,835,000","263,741,000","46,244,000","20,800,000","19,500,000",,
NetIncomeFromContinuingAndDiscontinuedOperation,"478,378,000","128,816,000","97,106,000","128,762,000","108,154,000","119,537,000","119,163,000","160,534,000","178,916,000","156,497,000","155,695,000","113,370,000","158,623,000","161,915,000","123,146,000","119,100,000","137,890,000","113,915,000","107,130,000","94,015,000","107,583,000","43,061,000","53,714,000","19,107,000","60,512,000","57,772,000","80,930,000","91,639,000","76,000,000","73,635,000","74,858,000","88,420,000","88,040,000","67,200,000","77,746,000","97,107,000","91,155,000","72,886,000","72,800,000","80,349,000","79,756,000","61,895,000","71,487,000","68,292,000","48,231,000","44,239,000","43,227,000","60,081,000","42,285,000","47,921,000","50,617,000","52,510,000","39,709,000","38,123,000","40,878,000","40,080,000","32,745,000","36,007,000","37,081,000","40,533,000","33,360,000","34,334,000","36,911,000","35,878,000","24,264,000","21,646,000","19,179,000","20,623,000","14,019,000","11,264,000","11,495,000","25,759,000","272,260,000","15,900,000","14,079,000","13,391,000","11,249,000","6,803,000","2,921,000","-2,079,000","-3,909,000","-14,646,000","-8,647,000","-55,604,000","-47,533,000","-42,242,000","-59,058,000","-64,765,000","-55,359,000","-92,608,000","-2,222,780,000","-303,077,000","-304,075,000","-243,236,000","-35,397,000","-29,300,000","-18,500,000","-6,900,000","-2,900,000"
NormalizedIncome,"531,193,934.712","138,156,441.659","135,164,020","131,314,301.401","108,309,268","124,803,613","133,850,781.856","175,718,236.866","179,441,175.594","154,714,827.015","162,367,381.411","143,599,839.283","159,638,835.555","162,067,471.352","132,703,371.056","138,375,092.707","137,830,870","115,039,026.117","112,700,059.671","105,695,266.023","107,191,594.845","43,700,821.659","84,772,948.311","67,927,284.582","60,745,254.583","59,735,649.189","80,930,000","91,686,343.976","78,006,052.683","73,951,495.35","79,390,819.205","88,603,482.05","88,055,447.511","67,498,250.063","77,773,291.838","97,107,000","91,065,844.411","73,267,612.628","73,247,152.026","81,003,367.15","79,810,663.21","62,138,663.928","71,787,113.935","68,566,490.034","48,387,650","43,492,679.294","43,552,650","58,563,197.212","42,499,691.916","47,988,272.103","51,318,573.46","53,258,774.076","40,608,364.869","38,233,319.257","40,833,000","40,299,738.884","32,337,026.261","36,121,166.115","36,399,297.726","41,975,570.772","33,259,250","34,887,606.649","36,499,507.473","35,845,180.98","23,437,200","21,885,356.852","19,303,114.37","20,386,687.935","14,287,800","10,977,800","11,229,200","25,636,000","273,136,000","15,825,678.383","14,778,709.337","13,065,544.852","11,857,161.484","9,952,902.807","4,871,897.504","-820,800","-4,891,200","-13,866,600","-14,530,000","-39,778,400","-43,063,600","-41,425,400","-45,193,200","-57,388,600","-55,832,400","-76,291,600","-2,215,731,800","-303,077,000","-304,075,000","-242,412,800","-35,397,000","-29,300,000","-18,500,000","-6,900,000","-2,900,000"
InterestIncome,,"4,509,000","5,292,000","5,018,000","782,000",,,"3,434,000","2,872,000","4,736,000","4,578,000","6,270,000","6,307,000","9,502,000","7,043,000","11,402,000","7,908,000","6,410,000","8,635,000","7,308,000","9,258,000","6,409,000","3,965,000","4,487,000","4,463,000","4,281,000","4,624,000","4,180,000","3,809,000","3,393,000","3,320,000","2,935,000","2,723,000","2,541,000","3,001,000","2,291,000","2,010,000","1,740,000","1,639,000","1,534,000","1,458,000","1,477,000","1,608,000","1,590,000","1,568,000","1,622,000","1,633,000","1,863,000","2,703,000","3,096,000","2,960,000","2,842,000","2,809,000","3,262,000","3,250,000","3,410,000","3,434,000","4,059,000","4,740,000",,,,,,,,,,,,,,,,,,,,,,,,,,,,,,,,,,,,,,,,
InterestExpense,"8,769,000","1,990,000","2,681,000","2,684,000","2,785,000","5,263,000","2,906,000","18,317,000","18,144,000","18,037,000","17,834,000","17,342,000","17,324,000","17,249,000","17,205,000","16,675,000","12,127,000","8,446,000","12,116,000","14,582,000","14,566,000","9,204,000","4,850,000","4,850,000","4,746,000","4,646,000","4,597,000","4,680,000","4,666,000","4,639,000","4,653,000","4,641,000","4,630,000","4,678,000","4,576,000","4,524,000","4,482,000","4,516,000","1,941,000",,,,,,,,,"0","0","0","0","148,000","222,000","618,000","709,000","709,000","710,000","710,000","710,000",,,,,,,,,,,,,,,,,,,,,,,,,,,,,,,,,,,,,,,,
NetInterestIncome,"4,294,000","1,352,000","2,611,000","2,334,000","-2,003,000","-5,263,000","-2,906,000","-14,883,000","-15,272,000","-13,301,000","-13,256,000","-11,072,000","-11,017,000","-7,747,000","-10,162,000","-5,273,000","-4,219,000","-2,036,000","-3,481,000","-7,274,000","-5,308,000","-2,795,000","-885,000","-363,000","-283,000","-365,000","27,000","-500,000","-857,000","-1,246,000","-1,333,000","-1,706,000","-1,907,000","-2,137,000","-1,575,000","-2,233,000","-2,472,000","-2,776,000","-302,000","1,534,000","1,458,000","1,477,000","1,608,000","1,590,000","1,593,000","1,626,000","1,646,000","1,863,000","3,002,000","3,096,000","2,960,000","2,694,000","2,636,000","2,771,000","-2,662,000","2,701,000","-2,807,000","-3,454,000","4,030,000",,,,,,,,,,,,,,,,,,,,,,,,,,,,,,,,,,,,,,,,
EBIT,"612,222,000","151,997,000","129,567,000","171,084,000","160,945,000","175,858,000","163,754,000","199,297,000","211,772,000","203,359,000","186,125,000","146,302,000","185,307,000","198,328,000","155,265,000","146,115,000","150,445,000","141,614,000","143,671,000","127,655,000","125,336,000","60,757,000","72,543,000","32,863,000","90,875,000","92,055,000","119,168,000","130,494,000","116,352,000","113,988,000","117,250,000","125,116,000","118,616,000","107,196,000","124,221,000","138,381,000","122,061,000","113,192,000","121,605,000","116,708,000","99,590,000","97,894,000","101,619,000","96,130,000","80,159,000","66,965,000","71,639,000","84,064,000","65,491,000","73,232,000","72,748,000","74,133,000","59,042,000","56,839,000","66,050,000","65,278,000","50,745,000","54,394,000","62,448,000","57,349,000","51,769,000","52,315,000","53,340,000","51,046,000","35,771,000","30,782,000","27,151,000","26,403,000","21,761,000","17,293,000","17,649,000","21,064,000","18,798,000","17,166,000","16,347,000","8,651,000","13,465,000","12,627,000","8,170,000","4,552,000","-1,121,000","-8,956,000","-14,151,000","-25,052,000","-36,011,000","-37,025,000","-38,624,000","-46,858,000","-53,661,000","-63,280,000","-2,209,603,000","-305,954,000","-307,679,000","-245,597,000","-39,022,000","-18,100,000","-18,600,000","400,000","100,000"
EBITDA,"1,186,359,000","291,122,000","265,024,000","319,654,000","311,930,000","326,462,000","306,349,000","340,996,000","351,519,000","341,074,000","317,596,000","274,010,000","304,200,000","313,908,000","271,473,000","261,915,000","261,049,000","247,679,000","251,876,000","243,949,000","233,169,000","167,055,000","176,638,000","132,259,000","188,053,000","181,261,000","205,701,000","214,502,000","200,863,000","199,102,000","197,919,000","205,445,000","193,401,000","181,185,000","194,681,000","206,144,000","189,476,000","171,904,000","175,121,000","166,684,000","147,544,000","142,020,000","143,994,000","151,090,000","133,617,000","117,077,000","117,273,000","127,714,000","107,252,000","114,565,000","113,882,000","113,262,000","95,584,000","91,697,000","99,220,000","97,851,000","82,520,000","84,282,000","91,126,000","84,801,000","75,919,000","75,936,000","76,197,000","71,482,000","55,223,000","48,570,000","42,210,000","38,416,000","32,493,000","27,071,000","26,552,000","29,228,000","26,590,000","22,240,000","20,487,000","12,702,000","17,934,000","17,816,000","14,667,000","12,884,000","10,177,000","4,788,000","3,641,000","-3,957,000","-10,928,000","-12,600,000","-11,786,000","-21,155,000","-24,939,000","-37,188,000","-41,373,000","-66,625,000","-43,586,000","-39,791,000","-24,770,000","-13,700,000","-11,100,000","400,000","100,000"
ReconciledCostOfRevenue,"1,000,125,000","266,279,000","258,492,000","243,833,000","212,839,000","231,440,000","223,479,000","216,264,000","189,078,000","214,834,000","207,552,000","208,222,000","195,440,000","192,259,000","183,273,000","173,827,000","165,227,000","164,554,000","160,510,000","156,198,000","158,353,000","158,690,000","159,049,000","158,215,000","136,043,000","133,197,000","126,739,000","126,084,000","126,554,000","127,920,000","120,783,000","119,666,000","115,171,000","112,673,000","105,614,000","103,841,000","99,800,000","99,009,000","92,944,000","88,869,000","88,944,000","86,313,000","84,077,000","62,284,000","61,918,000","62,808,000","61,699,000","63,210,000","55,708,000","52,606,000","52,211,000","51,415,000","45,400,000","41,134,000","38,412,000","39,149,000","34,315,000","34,359,000","35,923,000","36,887,000","35,682,000","33,558,000","32,308,000","31,793,000","27,194,000","24,903,000","22,233,000","18,639,000","16,195,000","13,615,000","12,709,000","10,216,000","9,799,000","8,198,000","7,396,000","7,134,000","7,291,000","5,974,000","5,730,000","4,803,000","2,989,000","2,100,000","2,291,000","53,536,000","7,463,000","9,354,000","9,651,000","10,191,000","11,236,000","11,262,000","1,928,262,000","27,926,000","18,182,000","12,647,000","1,384,000","100,000","-4,400,000",,
ReconciledDepreciation,"574,137,000","139,125,000","135,457,000","148,570,000","150,985,000","150,604,000","142,595,000","141,699,000","139,747,000","137,715,000","131,471,000","127,708,000","118,893,000","115,580,000","116,208,000","115,800,000","110,604,000","106,065,000","108,205,000","116,294,000","107,833,000","106,298,000","104,095,000","99,396,000","97,178,000","89,206,000","86,533,000","84,008,000","84,511,000","85,114,000","80,669,000","80,329,000","74,785,000","73,989,000","70,460,000","67,763,000","67,415,000","58,712,000","53,516,000","49,976,000","47,954,000","44,126,000","42,375,000","54,960,000","53,458,000","50,112,000","45,634,000","43,650,000","41,761,000","41,333,000","41,134,000","39,129,000","36,542,000","34,858,000","33,170,000","32,573,000","31,775,000","29,888,000","28,678,000","27,452,000","24,150,000","23,621,000","22,857,000","20,436,000","19,452,000","17,788,000","15,059,000","12,013,000","10,732,000","9,778,000","8,903,000","8,164,000","7,792,000","5,074,000","4,140,000","4,051,000","4,469,000","5,189,000","6,497,000","8,332,000","11,298,000","13,744,000","17,792,000","21,095,000","25,083,000","24,425,000","26,838,000","25,703,000","28,722,000","26,092,000","256,128,000","235,440,000","264,093,000","205,806,000","14,252,000","4,400,000","7,500,000",,
NetIncomeFromContinuingOperationNetMinorityInterest,"478,378,000","128,816,000","97,106,000","128,762,000","108,154,000","119,537,000","119,163,000","160,534,000","178,916,000","156,497,000","155,695,000","113,370,000","158,623,000","161,915,000","123,146,000","119,100,000","137,890,000","113,915,000","107,130,000","94,015,000","107,583,000","43,061,000","53,714,000","19,107,000","60,512,000","57,772,000","80,930,000","91,639,000","76,000,000","73,635,000","74,858,000","88,420,000","88,040,000","67,200,000","77,746,000","97,107,000","91,155,000","72,886,000","72,800,000","80,349,000","79,756,000","61,895,000","71,487,000","68,292,000","48,231,000","44,239,000","43,227,000","60,081,000","42,285,000","47,921,000","50,617,000","52,510,000","39,709,000","38,123,000","40,878,000","40,080,000","32,745,000","36,007,000","37,081,000","40,533,000","33,360,000","34,334,000","36,911,000","35,878,000","24,264,000","21,646,000","19,179,000","20,623,000","14,019,000","11,264,000","11,495,000","25,759,000","272,260,000","15,900,000","14,079,000","13,391,000","11,249,000","6,803,000","2,921,000","-2,079,000","-3,909,000","-14,646,000","-8,647,000","-55,604,000","-47,533,000","-42,242,000","-59,058,000","-64,765,000","-55,359,000","-92,608,000","-2,222,780,000","-303,077,000","-304,075,000","-243,236,000","-35,397,000","-29,300,000","-18,500,000","-6,900,000","-2,900,000"
TotalUnusualItemsExcludingGoodwill,"-66,625,000","-10,877,000","-49,426,000","-3,338,000","-227,000","-7,513,000","-18,632,000","-16,967,000","-565,000","1,974,000","-7,180,000","-31,237,000","-1,072,000","-170,000","-10,661,000","-21,000,000","81,000","-1,314,000","-6,840,000","-14,048,000","403,000","-766,000","-39,142,000","-71,576,000","-332,000","-2,971,000","0","-65,000","-2,948,000","-470,000","-6,818,000","-250,000","-20,000","-455,000","-42,000","0","115,000","-569,000","-735,000","-952,000","-69,000","-391,000","-431,000","-392,000","-241,000","1,177,000","-501,000","2,227,000","-346,000","-107,000","-1,035,000","-1,055,000","-1,366,000","-172,000","75,000","-354,000","659,000","-184,000","1,135,000","-2,138,000","155,000","-906,000","684,000","53,000","1,272,000","-394,000","-205,000","359,000","-448,000","477,000","443,000","205,000","-1,460,000","77,000","-726,000","330,000","-612,000","-3,349,000","-2,007,000","-2,097,000","1,637,000","-1,299,000","9,805,000","-26,376,000","-7,449,000","-1,361,000","-23,108,000","-12,294,000","789,000","-27,194,000","-11,747,000","0",,"-1,372,000",,,,,
TotalUnusualItems,"-66,625,000","-10,877,000","-49,426,000","-3,338,000","-227,000","-7,513,000","-18,632,000","-16,967,000","-565,000","1,974,000","-7,180,000","-31,237,000","-1,072,000","-170,000","-10,661,000","-21,000,000","81,000","-1,314,000","-6,840,000","-14,048,000","403,000","-766,000","-39,142,000","-71,576,000","-332,000","-2,971,000","0","-65,000","-2,948,000","-470,000","-6,818,000","-250,000","-20,000","-455,000","-42,000","0","115,000","-569,000","-735,000","-952,000","-69,000","-391,000","-431,000","-392,000","-241,000","1,177,000","-501,000","2,227,000","-346,000","-107,000","-1,035,000","-1,055,000","-1,366,000","-172,000","75,000","-354,000","659,000","-184,000","1,135,000","-2,138,000","155,000","-906,000","684,000","53,000","1,272,000","-394,000","-205,000","359,000","-448,000","477,000","443,000","205,000","-1,460,000","77,000","-726,000","330,000","-612,000","-3,349,000","-2,007,000","-2,097,000","1,637,000","-1,299,000","9,805,000","-26,376,000","-7,449,000","-1,361,000","-23,108,000","-12,294,000","789,000","-27,194,000","-11,747,000","0",,"-1,372,000",,,,,
NormalizedEBITDA,"1,252,984,000","301,999,000","314,450,000","322,992,000","312,157,000","333,975,000","324,981,000","357,963,000","352,084,000","339,100,000","324,776,000","305,247,000","305,272,000","314,078,000","282,134,000","282,915,000","260,968,000","248,993,000","258,716,000","257,997,000","232,766,000","167,821,000","215,780,000","203,835,000","188,385,000","184,232,000","205,701,000","214,567,000","203,811,000","199,572,000","204,737,000","205,695,000","193,421,000","181,640,000","194,723,000","206,144,000","189,361,000","172,473,000","175,856,000","167,636,000","147,613,000","142,411,000","144,425,000","151,482,000","133,858,000","115,900,000","117,774,000","125,487,000","107,598,000","114,672,000","114,917,000","114,317,000","96,950,000","91,869,000","99,145,000","98,205,000","81,861,000","84,466,000","89,991,000","86,939,000","75,764,000","76,842,000","75,513,000","71,429,000","53,951,000","48,964,000","42,415,000","38,057,000","32,941,000","26,594,000","26,109,000","29,023,000","28,050,000","22,163,000","21,213,000","12,372,000","18,546,000","21,165,000","16,674,000","14,981,000","8,540,000","6,087,000","-6,164,000","22,419,000","-3,479,000","-11,239,000","11,322,000","-8,861,000","-25,728,000","-9,994,000","-29,626,000","-66,625,000","-43,586,000","-38,419,000","-24,770,000","-13,700,000","-11,100,000","400,000","100,000"
TaxRateForCalcs,"0.207","0.141","0.23","0.235","0.316","0.299","0.212","0.105","0.07","0.097","0.071","0.032","0.052","0.103","0.104","0.082","0.27","0.145","0.186","0.169","0.029","0.165","0.207","0.318","0.297","0.339","0.294","0.272","0.32","0.327","0.335","0.266","0.228","0.345","0.35","0.275","0.225","0.329","0.392","0.313","0.208","0.377","0.304","0.3","0.35","0.366","0.35","0.318","0.38","0.371","0.322","0.29","0.342","0.359","0.4","0.379","0.381","0.38","0.399","0.325","0.35","0.389","0.398","0.381","0.35","0.392","0.395","0.342","0.4","0.4","0.4","0.4","0.4","0.035","0.036","0.014","0.006","0.059","0.028","0.4","0.4","0.4","0.4","0.4","0.4","0.4","0.4","0.4","0.4","0.4","0.4","0.4","0.4","0.4","0.4","0.4","0.4","0.4","0.4"
TaxEffectOfUnusualItems,"-13,809,065.288","-1,536,558.341","-11,367,980","-785,698.599","-71,732","-2,246,387","-3,944,218.144","-1,782,763.134","-39,824.406","191,827.015","-507,618.589","-1,007,160.717","-56,164.445","-17,528.648","-1,103,628.944","-1,724,907.293","21,870","-189,973.883","-1,269,940.329","-2,367,733.977","11,594.845","-126,178.341","-8,083,051.689","-22,755,715.418","-98,745.417","-1,007,350.811","0","-17,656.024","-941,947.317","-153,504.65","-2,285,180.795","-66,517.95","-4,552.489","-156,749.937","-14,708.162","0","25,844.411","-187,387.372","-287,847.974","-297,632.85","-14,336.79","-147,336.072","-130,886.065","-117,509.966","-84,350","430,679.294","-175,350","709,197.212","-131,308.084","-39,727.897","-333,426.54","-306,225.924","-466,635.131","-61,680.743","30,000","-134,261.116","251,026.261","-69,833.885","453,297.726","-695,429.228","54,250","-352,393.351","272,507.473","20,180.98","445,200","-154,643.148","-80,885.63","122,687.935","-179,200","190,800","177,200","82,000","-584,000","2,678.383","-26,290.663","4,544.852","-3,838.516","-199,097.193","-56,102.496","-838,800","654,800","-519,600","3,922,000","-10,550,400","-2,979,600","-544,400","-9,243,200","-4,917,600","315,600","-10,877,600","-4,698,800","0","0","-548,800","0","0","0","0","0"